@misc { referencia1,
		author = "Autor da referência 1.",
		title = "Título da referência 1",
		edition = "Terceira edição",
		year = 2007
		
		
}

@misc { referencia2,
	author = "",
	title = "Google",
	howpublished = "\url{http://www.google.com.br/}",
	year = "Acesso em: 04 de dezembro de 2014"
}

@misc { referencia3,
		author = "Rodrigues, E.L.L.",
		title = "Dicas, cuidados e orientações para a elaboração de texto para TCC",
		edition = "Sétima edição",
		year = 2015
}


@misc { enzo,
	author = "Enzo Bertini Vieira e Lara Bertini Vieira",
	title = "Sistema Autônomo de Vigilância Baseado em Dados Biológicos com Registro de	Dados na Nuvem via Smartphone",
	year = 2014	
}

@misc { referencia5,
	author = "Rodrigues, K.",
	title = "Dicas, e orientações para a  de texto para TCC",
	edition = " edição",
	year = 2015
}

@misc { referencia6,
	author = "Rodrigues, G.",
	title = "Dicas, para a elaboração de texto para TCC",
	edition = "Sétima",
	year = 2015
}

@booklet{LivroTecAss,
	author   = "Subsecretaria Nacional de Promo\c{c}\~ao dos Direitos da Pessoa com Defici\^encia",
	title     = "{Tecnologia Assistiva}",
	howpublished   = "\url{http://www.pessoacomdeficiencia.gov.br/app/sites/default/files/publicacoes/livro-tecnologia-assistiva.pdf}",
	year      = "2009",
}

@misc { TapTapSee,
	author = "",
	title = "{TapTapSee}",
	howpublished = "\url{http://www.taptapseeapp.com/}",
	year = "Acesso em: 01 de agosto de 2016"
}

@misc {BeMyEyes,
	author = "",
	title = "{BeMyEyes}",
	howpublished = "\url{http://www.bemyeyes.org/}",
	year = "Acesso em: 01 de agosto de 2016"
}

@misc {CPqD,
	author = "",
	title = "{CPqD Alcance}",
	howpublished = "\url{https://www.cpqd.com.br/solucoes/cpqd-alcance/}",
	year = "Acesso em: 01 de agosto de 2016"
}

@misc {UNIVALI,
	author = "",
	title = "{Bengala Longa Eletr\^onica}",
	howpublished = "\url{http://www.fapesc.sc.gov.br/entregues-a-cegos-bengalas-eletronicas-criadas-por-professor-da-univali/}",
	year = "Acesso em: 01 de agosto de 2016"
}

@misc {IFBA,
	author = "",
	title = "{Bengala Autom\'atica}",
	howpublished = "\url{http://www.correio24horas.com.br/detalhe/noticia/estudantes-baianos-criam-bengala-automatica-de-baixo-custo-para-deficientes-visuais-entenda/?cHash=4c9bbb1b6f2462e61435cbc1e7fa16ac}",
	year = "Acesso em: 01 de agosto de 2016"
}

@misc {Galaxy,
	author = "Kaz Sato e Ray Sakai",
	title = "{Explore the Galaxy of images with Cloud Vision API}",
	howpublished = "\url{https://cloud.google.com/blog/big-data/2016/05/explore-the-galaxy-of-images-with-cloud-vision-api}",
	year = "Acesso em: 09 de agosto de 2016"
}

@misc {Ericsson,
	author = "Ericsson",
	title = "{Ericsson Mobility Report ON THE PULSE OF THE NETWORKED SOCIETY}",
	year = "Su\'ecia, Junho de 2016",
	howpublished = "\url{https://www.ericsson.com/res/docs/2016/ericsson-mobility-report-2016.pdf}",

}

@misc {WDR,
	author = "The World Bank",
	title = "{DIGITAL DIVIDENDS}",
	year = "Washington DC, 2016"	
}

@misc {IBGE,
	author = "Portal Brasil",
	title = "6,2\% da popula\c{c}\~ao t\^em algum tipo de defici\^encia",
	year = "Acesso em: 09 de agosto de 2016",
	howpublished = "\url{http://www.brasil.gov.br/cidadania-e-justica/2015/08/6-2-da-populacao-tem-algum-tipo-de-deficiencia}"
	
}

@misc {HDI,
	author = "United Nations Development Programme",
	title = "{Human Development Reports}",
	year = "Acesso em: 09 de agosto de 2016",
	howpublished = "\url{http://hdr.undp.org/en/countries/profiles/BRA}"
	
}

@conference {Wong,
	author = "C. Wong et al",
	title = "{A novel design of integrated proximity sensors for the white cane}",
	organization = "Seventh Australian and New Zealand Inteligent Information System Conference",
	pages = "197--201",
	address = "Austr\'alia",
	year = "Novembro de 2001"
	
}

@misc {Ben,
	author = "Ben Leduc-Mills et al",
	title = "{ioCane: A Smart-Phone and Sensor-Augmented Mobility Aid for the Blind}",
	address = "Boulder, Colorado",
	year = "2013"
	
}

@conference {Mauro,
	author = "Mauro Avila et al",
	title = "{Remote Assistance for Blind Users in Daily Life: A Survey about Be My Eyes}",
	
	organization = "The 9th ACM International Conference on Pervasive Technologies Related to Assistive Environments - PETRA'16",	

	address = "Corfu Island, Gr\'ecia",
	year = "2016"
	
}


@misc {Kwak,
	author = "Haewoon Kwak, Jisun An",
	title = "{Revealing the Hidden Patterns of News Photos: Analysis of Millions of News Photos through GDELT and Deep Learning-Based Vision APIs}",
	address = "Qatar",
	year = "2016"
	
}

@misc {Kane,
	author = "Shaun K. Kane et al",
	title = "{Freedom to Roam: A Study of Mobile Device Adoption and Accessibility for People with Visual and Motor Disabilities
	}",
	address = "Seattle, Washington USA",
	year = "2009"
	
}

@misc {Henry,
	author = "Shawn L. Henry et al",
	title = "{The Role of Accessibility in a Universal Web}",
	address = "Seoul, Republic of Korea",
	year = "2014"
	
}

@misc {Armbrust,
	author = "Michael Armbrust et al",
	title = "{Above the Clouds: A Berkeley View of Cloud Computing}",
	address = "Berkeley, Califórnia USA",
	year = "2009"
	
}

@misc {Android,
	author = "",
	title = "{Accessibility}",
	howpublished = "\url{https://developer.android.com/guide/topics/ui/accessibility/index.html}",
	year = "Acesso em: 3 de setembro de 2016"
}

@misc {bestPracticesGoogle,
	author = "",
	title = "{Best Practices}",
	howpublished = "\url{https://cloud.google.com/vision/docs/image-best-practices}",
	year = "Acesso em: 12 de agosto de 2016"
}


@book{LivroCV,
	author    = "{Parker, J. R.}",
	title     = "{Algorithms for Image Processing and Computer Vision}",
	edition  = "{Second}",
	address  = "{Indianapolis, Indiana USA}",
	publisher = "{Wiley Publishing, Inc.}",
	year      = "2011",
}

@incollection{blind,
	author	= "{Thinus-Blanc, C.; Gaunet, F.}",
	title	= "{Representation of Space in Blind Persons: Vision as a Spatial Sense?}",
	booktitle= "{Psychological Bulletin}",
	volume	= "121",
	number	= "1",
	pages	= "20-42",
	address= "Marseille, Fran\c{c}a",
	year	= "1997",
}

@incollection{echo,
	author	= "{Schenkman, Bo N.; Nilsson, Mats E.}",
	title	= "{Human echolocation: Blind and sighted persons' ability to
	detect sounds recorded in the presence of a reflecting object}",
	booktitle= "{Perception}",
	volume	= "39",
	number	= "1",
	pages	= "483 - 501",
	address= "Estocolmo, Su\'ecia",
	year	= "2010",
}
